@misc{OMG2010,
author = {OMG},
title = {{Business Process Management Notation (BPMN) 2.0}},
url = {www.bpmn.org},
year = {21.05.2010}
}

@article{smith2011biology,
  title={Biology students building computer simulations using StarLogo TNG},
  author={Smith, V Anne and Duncan, Ishbel},
  journal={Bioscience Education},
  volume={18},
  number={1},
  pages={1--9},
  year={2011},
  publisher={Taylor \& Francis}
}

@online{legomindstormsprog,
  author = {LEGO Group},
  title = {LEGO Mindstorms Programming},
  year = 1999,
  url = {https://www.lego.com/en-us/mindstorms/learn-to-program},
  urldate = {2016-11-21}
}

@inproceedings{amyot2006evaluation,
  title={Evaluation of development tools for domain-specific modeling languages},
  author={Amyot, Daniel and Farah, Hanna and Roy, Jean-Fran{\c{c}}ois},
  booktitle={International Workshop on System Analysis and Modeling},
  pages={183--197},
  year={2006},
  organization={Springer}
}

@inproceedings{kim2013sensr,
  title={Sensr: evaluating a flexible framework for authoring mobile data-collection tools for citizen science},
  author={Kim, Sunyoung and Mankoff, Jennifer and Paulos, Eric},
  booktitle={Proceedings of the 2013 conference on Computer supported cooperative work},
  pages={1453--1462},
  year={2013},
  organization={ACM}
}

@book{gronback2009eclipse,
  title={Eclipse modeling project: a domain-specific language (DSL) toolkit},
  author={Gronback, Richard C},
  year={2009},
  publisher={Pearson Education}
}
@article{france2005domain,
  title={Domain specific modeling},
  author={France, Robert and Rumpe, Bernhard},
  journal={Software and Systems Modeling},
  volume={4},
  number={1},
  pages={1--3},
  year={2005},
  publisher={Springer}
}

@inproceedings{meliones2013visual,
  title={Visual programming of an interactive smart home application using LabVIEW},
  author={Meliones, Apostolos and Giannakis, Dimitrios},
  booktitle={2013 11th IEEE International Conference on Industrial Informatics (INDIN)},
  pages={655--660},
  year={2013},
  organization={IEEE}
}

%@inproceedings{rey2015automating,
%  title={Automating, monitoring, and control of an ICE based micro-CCHP system using LabVIEW and Android},
%  author={Rey, Guillermo and Arce, Mar{\'\i}a Elena and Ulloa, Carlos and Cacabelos, Ant{\'o}n and M{\'\i}guez, Jos{\'e} Luis},
%  booktitle={PowerTech, 2015 IEEE Eindhoven},
%  pages={1--5},
%  year={2015},
%  organization={IEEE}
%}

@article{resnick2009scratch,
  title={Scratch: programming for all},
  author={Resnick, Mitchel and Maloney, John and Monroy-Hern{\'a}ndez, Andr{\'e}s and Rusk, Natalie and Eastmond, Evelyn and Brennan, Karen and Millner, Amon and Rosenbaum, Eric and Silver, Jay and Silverman, Brian and others},
  journal={Communications of the ACM},
  volume={52},
  number={11},
  pages={60--67},
  year={2009},
  publisher={ACM}
}

@inproceedings{guana2014phydsl,
  title={Phydsl: A code-generation environment for 2d physics-based games},
  author={Guana, Victor and Stroulia, Eleni},
  booktitle={2014 IEEE Games, Entertainment, and Media Conference (IEEE GEM)},
  year={2014}
}

@article{stachowiak1973allgemeine,
  title={$\{$Allgemeine Modelltheorie$\}$},
  author={Stachowiak, Herbert},
  year={1973},
  publisher={$\{$Springer-Verlag, Wien$\}$}
}