% This file was created with JabRef 2.10.
% Encoding: UTF-8

% References for the (Master-Thesis-)Proposal:
@online{emfproject,
  author = {The Eclipse Foundation},
  title = {Eclipse Modeling Framework (EMF)},
  year = 2016,
  url = {https://eclipse.org/modeling/emf/},
  urldate = {2016-08-07}
}
@online{acceleo,
  author = {The Eclipse Foundation},
  title = {Acceleo},
  year = 2016,
  url = {https://eclipse.org/acceleo/},
  urldate = {2016-08-07}
}
@online{mofmtlspec,
  author = {Object Management Group},
  title = {MOF Model to Text Transformation
Language, v1.0},
  year = 2008,
  url = {http://www.omg.org/spec/MOFM2T/1.0/PDF/},
  urldate = {2016-08-07}
}
@online{eclemma,
  author = {Mountainminds GmbH & Co. KG and Contributors},
  title = {EclEmma - 	Java Code Coverage for Eclipse},
  year = 2016,
  url = {http://www.eclemma.org/},
  urldate = {2016-08-07}
}
@online{checkstyleplugin,
  author = {Lars KÃ¶dderitzsch},
  title = {Eclipse Checkstyle Plugin},
  year = 2016,
  url = {http://eclipse-cs.sourceforge.net/#!/},
  urldate = {2016-08-07}
}
@inproceedings{wang2006verifying,
  title={Verifying metamodel coverage of model transformations},
  author={Wang, Junhua and Kim, S-K and Carrington, David},
  booktitle={Australian Software Engineering Conference (ASWEC'06)},
  pages={10--pp},
  year={2006},
  organization={IEEE}
}
@inproceedings{galvao2007survey,
  title={Survey of traceability approaches in model-driven engineering},
  author={Galvao, Ismenia and Goknil, Arda},
  booktitle={Enterprise Distributed Object Computing Conference, 2007. EDOC 2007. 11th IEEE International},
  pages={313--313},
  year={2007},
  organization={IEEE}
}
@inproceedings{jackson2016exposing,
  title={Exposing hidden parts of the SE process: MBSE patterns and tools for tracking and traceability},
  author={Jackson, Maddalena and Wilkerson, Marcus and Castet, Jean-Francois},
  booktitle={2016 IEEE Aerospace Conference},
  pages={1--12},
  year={2016},
  organization={IEEE}
}
@article{abade12testing,
  title={Testing M2T Transformations: A Systematic Literature Review},
  author={Abade12, Andr{\'e} and Ferrari, Fabiano and Lucr{\'e}dio, Daniel}
}
@inproceedings{tiso2013method,
  title={A Method for Testing Model to Text Transformations.},
  author={Tiso, Alessandro and Reggio, Gianna and Leotta, Maurizio},
  booktitle={AMT@ MoDELS},
  year={2013}
}
@inproceedings{guana2014chaintracker,
  title={ChainTracker, a Model-Transformation Trace Analysis Tool for Code-Generation Environments.},
  author={Guana, Victor and Stroulia, Eleni},
  booktitle={ICMT},
  pages={146--153},
  year={2014},
  organization={Springer}
}
@inproceedings{guana2015developers,
  title={How Do Developers Solve Software-engineering Tasks on Model-based Code Generators? An Empirical Study Design},
  author={Guana, Victor and Stroulia, Eleni},
  booktitle={First International Workshop on Human Factors in Modeling (HuFaMo 2015). CEUR-WS},
  pages={33--38},
  year={2015}
}
@inproceedings{guana2013supporting,
  title={Supporting maintenance tasks on transformational code generation environments},
  author={Guana, Victor},
  booktitle={Proceedings of the 2013 International Conference on Software Engineering},
  pages={1369--1372},
  year={2013},
  organization={IEEE Press}
}
@article{guanareflecting,
  title={Reflecting on Model-based Code Generators Using Traceability Information},
  author={Guana, Victor and Stroulia, Eleni}
}
@inproceedings{van2010quality,
  title={Quality assessment of ATL model transformations using metrics},
  author={van Amstel, Marcel F and van den Brand, MGJ},
  booktitle={Proceedings of the 2nd International Workshop on Model Transformation with ATL (MtATL 2010), Malaga, Spain (June 2010)},
  pages={115},
  year={2010}
}
@inproceedings{van2009using,
  title={Using metrics for assessing the quality of ASF+ SDF model transformations},
  author={van Amstel, Marcel F and Lange, Christian FJ and van den Brand, Mark GJ},
  booktitle={International Conference on Theory and Practice of Model Transformations},
  pages={239--248},
  year={2009},
  organization={Springer}
}
@inproceedings{van2010right,
  title={The right tool for the right job: assessing model transformation quality},
  author={van Amstel, Marcel F},
  booktitle={Computer Software and Applications Conference Workshops (COMPSACW), 2010 IEEE 34th Annual},
  pages={69--74},
  year={2010},
  organization={IEEE}
}
@inproceedings{guana2013backward,
  title={Backward propagation of code refinements on transformational code generation environments},
  author={Guana, Victor and Stroulia, Eleni},
  booktitle={2013 7th International Workshop on Traceability in Emerging Forms of Software Engineering (TEFSE)},
  pages={55--60},
  year={2013},
  organization={IEEE}
}
@article{hoisltowards,
  title={Towards Benchmarking Evolution Support in Model-to-Text Transformation Systems},
  author={Hoisl, Bernhard and Sobernig, Stefan}
}
@inproceedings{jouault2005loosely,
  title={Loosely coupled traceability for ATL},
  author={Jouault, Fr{\'e}d{\'e}ric},
  booktitle={Proceedings of the European Conference on Model Driven Architecture (ECMDA) workshop on traceability, Nuremberg, Germany},
  volume={91},
  pages={2},
  year={2005},
  organization={Citeseer}
}
@inproceedings{gerpheide2014bottom,
  title={A bottom-up quality model for QVTo},
  author={Gerpheide, Christine M and Schiffelers, Ramon RH and Serebrenik, Alexander},
  booktitle={Quality of Information and Communications Technology (QUATIC), 2014 9th International Conference on the},
  pages={85--94},
  year={2014},
  organization={IEEE}
}